@FOOTNOTE{Note1,key="Note1",note="https://github.com/E-Aho/Butterfly-Modeling"}
@FOOTNOTE{Note2,key="Note2",note="https://github.com/E-Aho/Butterfly-Modeling"}
